@online{intro,
   Author = {Real Python},
   Year = {2022},
   Url={https://realpython.com/intro-to-python-threading},
   Title = {An Intro to threading in Python},
   addendum = "[Accessed: 28-Mar-2023]"
}
@online{gil,
   Author = {Real Python},
   Year = {2021},
   Url={https://realpython.com/python-gil},
   Title = {What is the python global interpreter lock (gil)?},
   addendum = "[Accessed: 28-Mar-2023]"
}
@online{thread-based,
   Author = {Python Software Foundation},
   Year = {2023},
   Url={https://docs.python.org/3.8/library/threading.html},
   Title = {Threading - thread-based parallelism},
   addendum = "[Accessed: 28-Mar-2023]"
}
@online{multiprocessing,
   Author = {Python Software Foundation},
   Year = {2023},
   Url={https://docs.python.org/3.8/library/multiprocessing.html},
   Title = {Multiprocessing - process-based parallelism},
   addendum = "[Accessed: 28-Mar-2023]"
}

% Python Software Foundation, “Multiprocessing - process-based parallelism,” Python documentation, 28-Mar-2023. [Online]. Available: https://docs.python.org/3/library/multiprocessing.html. [Accessed: 28-Mar-2023] 