@online{intro,
   Author = {Real Python},
   Year = {2022},
   Url={https://realpython.com/intro-to-python-threading},
   Title = {An Intro to threading in Python},
   addendum = "[Accessed: 28-Mar-2023]"
}
@online{gil,
   Author = {Real Python},
   Year = {2021},
   Url={https://realpython.com/python-gil},
   Title = {What is the python global interpreter lock (gil)?},
   addendum = "[Accessed: 28-Mar-2023]"
}
@online{thread-based,
   Author = {Python Software Foundation},
   Year = {2023},
   Url={https://docs.python.org/3.8/library/threading.html},
   Title = {Threading - thread-based parallelism},
   addendum = "[Accessed: 28-Mar-2023]"
}
@online{multiprocessing,
   Author = {Python Software Foundation},
   Year = {2023},
   Url={https://docs.python.org/3.8/library/multiprocessing.html},
   Title = {Multiprocessing - process-based parallelism},
   addendum = "[Accessed: 28-Mar-2023]"
}
@online{GIL-thread,
   Author = {Marcus McCurdy},
   Year = {2023},
   Url={https://www.toptal.com/python/beginners-guide-to-concurrency-and-parallelism-in-python},
   Title = {Python Multithreading and Multiprocessing Tutorial},
   addendum = "[Accessed: 2-May-2023]"
}

@online{htop,
   Author = {Michael Kerrisk},
   Year = {2022},
   Url={https://man7.org/linux/man-pages/man1/htop.1.html},
   Title = {htop(1) â€” Linux manual page},
   addendum = "[Accessed: 2-May-2023]"
}
